<?xml version="1.0" encoding="UTF-8"?><collection xmlns="http://www.loc.gov/MARC21/slim"><record><leader>00573nam--2200181-i-4500</leader><controlfield tag="001">000040208</controlfield><controlfield tag="002">20161230</controlfield><controlfield tag="005">20161230201042</controlfield><controlfield tag="008">060222s1000------------r-----000-0-fre-d</controlfield><datafield ind1=" " ind2=" " tag="040"><subfield code="a">IFIN-HH</subfield></datafield><datafield ind1=" " ind2=" " tag="041"><subfield code="a">fre</subfield></datafield><datafield ind1=" " ind2=" " tag="080"><subfield code="a">523.942(043):523.945(043)</subfield></datafield><datafield ind1="1" ind2=" " tag="100"><subfield code="a">Samain,Denys</subfield></datafield><datafield ind1="1" ind2="0" tag="245"><subfield code="a">Recherches sur l`emission continue de la photosphere et de la zone de transition photosphere-chromosphere du soleil entre 1400 a et 8200</subfield><subfield code="b">These</subfield><subfield code="c">Denis samain</subfield></datafield><datafield ind1=" " ind2=" " tag="260"><subfield code="a">Paris</subfield><subfield code="b">Universite Paris 7</subfield><subfield code="c">1978</subfield></datafield><datafield ind1=" " ind2=" " tag="300"><subfield code="a">198 P</subfield></datafield><datafield ind1=" " ind2=" " tag="852"><subfield code="a">49819</subfield><subfield code="c">523</subfield></datafield><datafield ind1=" " ind2=" " tag="CAT"><subfield code="a">Sys</subfield><subfield code="c">20141204</subfield><subfield code="h">150731</subfield></datafield></record></collection>